<?xml version="1.0" encoding="UTF-8"?>
<SOAP-ENV:Envelope xmlns:SOAP-ENV="http://schemas.xmlsoap.org/soap/envelope/" xmlns:of="http://oss.dbc.dk/ns/openformat" xmlns:ofo="http://oss.dbc.dk/ns/openformatoutput"><SOAP-ENV:Body><of:formatResponse><marc:record xmlns:marc="http://www.loc.gov/MARC21/slim"><leader>00000ncc a22000000c 4500</leader><controlfield tag="001">870970:27833888</controlfield><controlfield tag="003">DKDLA</controlfield><controlfield tag="005">20090727181153.0</controlfield><controlfield tag="007">q|</controlfield><controlfield tag="008">090720s2009    dk |||||||||||||||||dan||</controlfield><datafield ind1="1" ind2=" " tag="100"><subfield code="a">Nielsen, Carl,</subfield><subfield code="d">f. 1865</subfield></datafield><datafield ind1=" " ind2="0" tag="245"><subfield code="a">Juvenilia et addenda</subfield><subfield code="?">Carl Nielsen Udgaven</subfield></datafield><datafield ind1=" " ind2=" " tag="260"><subfield code="b">Carl Nielsen Udgaven, Det Kongelige Bibliotek :</subfield><subfield code="b">Wilhelm Hansen,</subfield><subfield code="c">2009</subfield></datafield><datafield ind1=" " ind2=" " tag="300"><subfield code="a">1 partitur (lvi, 330 sider)</subfield></datafield><datafield ind1=" " ind2=" " tag="490"><subfield code="a">Værker /Carl Nielsen ;</subfield><subfield code="v">bind 1</subfield></datafield><datafield ind1="1" ind2=" " tag="700"><subfield code="a">Ahlgren Jensen, Lisbeth</subfield></datafield><datafield ind1="1" ind2=" " tag="700"><subfield code="a">Larsen, Lisbeth,</subfield><subfield code="d">f. 1977-04-24</subfield></datafield><datafield ind1="0" ind2=" " tag="710"><subfield code="a">Carl Nielsen Udgaven</subfield></datafield></marc:record></of:formatResponse></SOAP-ENV:Body></SOAP-ENV:Envelope>
